<?xml version="1.0" encoding="UTF-8"?><record xmlns="http://www.loc.gov/MARC21/slim" xmlns:cinclude="http://apache.org/cocoon/include/1.0" xmlns:zs="http://www.loc.gov/zing/srw/">
  <leader>00614nz  a2200169n  4500</leader>
  <controlfield tag="001">n  94104654 </controlfield>
  <controlfield tag="003">DLC</controlfield>
  <controlfield tag="005">19970207100014.9</controlfield>
  <controlfield tag="008">941031n| acaabaaa|          |n ana |||  </controlfield>
  <datafield tag="010" ind1=" " ind2=" ">
    <subfield code="a">n  94104654 </subfield>
  </datafield>
  <datafield tag="040" ind1=" " ind2=" ">
    <subfield code="a">DLC</subfield>
    <subfield code="c">DLC</subfield>
  </datafield>
  <datafield tag="130" ind1=" " ind2="0">
    <subfield code="a">Zakonodatelʹnye polozhenii︠a︡ i instruktivnye materialy</subfield>
  </datafield>
  <datafield tag="643" ind1=" " ind2=" ">
    <subfield code="a">Moskva</subfield>
    <subfield code="b">A/O izdatelʹskai︠a︡ gruppa "Kniga internėshnl"</subfield>
  </datafield>
  <datafield tag="644" ind1=" " ind2=" ">
    <subfield code="a">f</subfield>
    <subfield code="5">DLC</subfield>
  </datafield>
  <datafield tag="645" ind1=" " ind2=" ">
    <subfield code="a">t</subfield>
    <subfield code="5">DLC</subfield>
  </datafield>
  <datafield tag="646" ind1=" " ind2=" ">
    <subfield code="a">s</subfield>
    <subfield code="5">DLC</subfield>
  </datafield>
  <datafield tag="670" ind1=" " ind2=" ">
    <subfield code="a">Regulirovanie vneshneėkonomicheskoĭ dei︠a︡telʹnosti v Rossiĭskoĭ Federat︠s︡ii, 1993:</subfield>
    <subfield code="b">t.p. (Zakonodatelʹnye polozhenii︠a︡ i instruktivnye materialy)</subfield>
  </datafield>
</record>